
@book{becker2006string,
  title={String theory and M-theory: A modern introduction},
  author={Becker, Katrin and Becker, Melanie and Schwarz, John H}, 
  year={2006},
  publisher={Cambridge university press}
}

@article{gillioz2022conformal,
  title={Conformal field theory for particle physicists},
  author={Gillioz, Marc},
  journal={arXiv preprint arXiv:2207.09474},
  year={2022}
}
